@misc{GruppoSanDonato,
  author = {{Gruppo San Donato}},
  title = {Gruppo San Donato},
  url = {https://www.grupposandonato.it/}
}

@misc{Humanitas,
  author = {{Humanitas}},
  title = {Humanitas},
  url = {https://www.humanitas.it/}
}

@misc{OMS,
  author = {{Organizzazione Mondiale della Sanit\`a}},
  title = {Organizzazione Mondiale della Sanit\`a},
  url = {https://www.who.int/}
}

@misc{AppleSalute,
  author = {{Apple}},
  title = {Apple Salute},
  url = {https://www.apple.com/it/health/}
}

@misc{MayoClinic,
  author = {{Mayo Clinic}},
  title = {Mayo Clinic},
  url = {https://www.mayoclinic.org/}
}

@misc{Wikipedia,
  author = {{Wikipedia}},
  title = {Indice di Massa Corporea},
  url = {https://it.wikipedia.org/wiki/Indice_di_massa_corporea}
}

@misc{MinisteroSalute,
  author = {{Ministero della Salute}},
  title = {Ministero della Salute},
  url = {https://www.salute.gov.it/portale/home.html}
}

@misc{SleepFoundation,
  author = {{Sleep Foundation}},
  title = {Sleep Foundation},
  url = {https://www.sleepfoundation.org/}
}

@misc{Heart,
  author = {{Heart}},
  title = {Heart},
  url = {https://www.heart.org/en/}
}

@misc{JamaMedicine,
  author = {{Jama Medicine}},
  title = {Jama Medicine},
  url = {https://jamanetwork.com/journals/jamainternalmedicine}
}
